% Encoding: UTF-8

%%%%%%%%%%%%%%%%%%%%%%%%%%%%%%%%%%%%%%%%%%%%%%%%%%%%%%%%%%%%%%%%%%%%%%%%%%%%%%%%%%%%%%%%%%%%%%%%%%%%%%%%%%%
%%%%%%%%%%%%%%%%%%%%%%%%%%%%%%%%%%%%%%%%%%%% SKABELONER %%%%%%%%%%%%%%%%%%%%%%%%%%%%%%%%%%%%%%%%%%%%%%%%%%%
%%%%%%%%%%%%%%%%%%%%%%%%%%%%%%%%%%%%%%%%%%%%%%%%%%%%%%%%%%%%%%%%%%%%%%%%%%%%%%%%%%%%%%%%%%%%%%%%%%%%%%%%%%%
%PDF'er
@manual{refID,
	Author = {Jon Burroughs},
	Date-Added = {2016-05-19 07:11:19 +0000},
	Date-Modified = {2016-05-19 07:13:27 +0000},
	Organization = {Microchip Technology Inc.},
	Read = {1},
	Title = {X-10 Home Automation Using the PIC16F877A},
	Year = {2002}}

	
%Links - URLdate er den dato hvor linket er SET af os. Date-Modified er den dato linket er modificeret på nettet (hvis det fremgår)
@online{refID,
	Date-Modified = {2016-01-13 00:00:00 +0000},
	Title = {Cisco - Ethernet Technologies},
	Url = {http://docwiki.cisco.com/wiki/Ethernet_Technologies},
	Urldate = {2016-05-23}}

%Bøger
@Book{refID,
  author = {Ingeniør Højskolen Aarhus},
  title  = {120\_KHz\_elnet.pdf},
  year   = {2016},
  date   = {11-09-2016}
}


%%%%%%%%%%%%%%%%%%%%%%%%%%%%%%%%%%%%%%%%%%%%%%%%%%%%%%%%%%%%%%%%%%%%%%%%%%%%%%%%%%%%%%%%%%%%%%%%%%%%%%%%%%%%%%%%%%%%%%%%%%%%%%%%%%%%%%%%%%%%%%%%%%%%%%%%%%%%%%%%%%%%%%%%%%%%%%%%%%%
For at referencerne opdaterer sig skal der compiles, køres "Bibtex 8-bit" kommando og compiles igen. I texstudio findes denne kommando under "Tools -> commands -> Bibtex 8-bit"
%%%%%%%%%%%%%%%%%%%%%%%%%%%%%%%%%%%%%%%%%%%%%%%%%%%%%%%%%%%%%%%%%%%%%%%%%%%%%%%%%%%%%%%%%%%%%%%%%%%%%%%%%%%%%%%%%%%%%%%%%%%%%%%%%%%%%%%%%%%%%%%%%%%%%%%%%%%%%%%%%%%%%%%%%%%%%%%%%%%

%%%%%%%%%%%%%%%%%%%%%%%%%%%%%%%%%%%%%%%%%%%%%%%%%%%%%%%%%%%%%%%%%%%%%%%%%%%%%%%%%%%%%%%%%%%%%%%%%%%%%%%%%%%
%%%%%%%%%%%%%%%%%%%%%%%%%%%%%%%%%%%%%%%% START PÅ REFERENCER %%%%%%%%%%%%%%%%%%%%%%%%%%%%%%%%%%%%%%%%%%%%%%
%%%%%%%%%%%%%%%%%%%%%%%%%%%%%%%%%%%%%%%%%%%%%%%%%%%%%%%%%%%%%%%%%%%%%%%%%%%%%%%%%%%%%%%%%%%%%%%%%%%%%%%%%%%

@online{Sikkerhedsstyrelsen,
	Date-Modified = {2017-05-23 00:00:00 +0000},
	Title = {Sikkerhedsstyrelsen},
	Url = {https://www.sik.dk/Global/Publikationer/Artikler/Artikler-fra-Electra/2009/Spaendingsfald-kan-faa-konsekvenser-for-sikkerheden},
	Urldate = {2017-05-23}}


@Book{DisbTeori,
  author = {J. Glover et al.},
  title  = {Power System Analysis & Design},
  year   = {2016},
  date   = {22-05-2017}}

@online{Cooley,
	Date-Modified = {2016-01-13 00:00:00 +0000},
	Title = {Cooley and Tukey FFT algoritme},
	Url = {https://en.wikipedia.org/wiki/Cooley%E2%80%93Tukey_FFT_algorithm},
	Urldate = {2017-05-20}}

@online{FFTalgo,
	Date-Modified = {2016-01-13 00:00:00 +0000},
	Title = {Cypress forum},
	Url = {http://www.cypress.com/forum/psoc-5-device-programming/how-implement-fft-psoc5},
	Urldate = {2017-04-10}}
	
	


@online{shannon,
	Date-Modified = {2017-05-20 00:00:00 +0000},
	Title = {Shannons sampling theorem},
	Url = {https://en.wikipedia.org/wiki/Nyquist%E2%80%93Shannon_sampling_theorem},
	Urldate = {2017-05-23}}	
=======

@online{Ethernet,
	Title = {Arduino Ethernet.h library},
	Url = {https://www.arduino.cc/en/reference/ethernet},
	Urldate = {2017-04-13}}



@online{WinSock,
	Title = {WinSock server testprogram},
	Url = {https://msdn.microsoft.com/en-us/library/windows/desktop/ms737591(v=vs.85).aspx},
	Urldate = {2017-04-20}}


@online{HarmoniskeVideo,
	Date-Modified = {2017-05-23 00:00:00 +0000},
	Title = {Harmonics - Youtube},
	Url = {https://www.youtube.com/watch?v=ZBRUG3wT3Yg},
	Urldate = {2016-05-23}}

@online{HarmoniskeFiltre,
	Date-Modified = {2017-05-23 00:00:00 +0000},
	Title = {Basics of how to minimize harmonics},
	Url = {http://www.csemag.com/home/single-article/basics-of-how-to-minimize-harmonics/c380220aa9d5effad076ec7e77b903d4.html},
	Urldate = {2016-05-23}}
